@online{帝大歷史學報撰稿格式,
 language = {chinese},
 author = {《帝大歷史學報》編輯委員會},
 title = {撰稿格式},
 urldate = {2016-11-11},
 url = {http://homepage.ntu.edu.tw/~history/c_pub_journal_form.htm},
}

@book{Disgracefulmatters,
  title = {Disgraceful Matters: The Politics of Chastity in Eighteenth-Century China},
  author = {Theiss, Janet},
  year = {2005},
  publisher = {University of California Press},
  location = {Berkeley},
}

@article{費絲言評醜事,
  language = {chinese},
  title = {醜事：盛清的貞節政治},
  author = {費絲言},
  journal = {近代中國婦女史研究},
  number = {14},
  pages = {255--271},
  year = {2006},
  location = {臺北},
  publisher = {中央研究院近代史研究所}
}

@book{中國家庭史明清時期123,
  language = {chinese},
  pages = {123},
  title = {中國家庭史·明清時期},
  author = {余新忠},
  publisher = {廣東人民出版社},
  location = {廣州},
  year = {2007}
}

@inbook{清代法上的寡婦和訟師,
  language = {chinese},
  title = {挑戰權威——清代法上的寡婦和訟師},
  author = {麥柯麗},
  booktitle = {美國學者論中國法律傳統（增訂版）},
  editor = {高道蘊 and 高鴻鈞 and 賀衛方},
  publisher = {清華大學出版社},
  location = {北京},
  year = {2004},
  pages = {552--578},
}

@inbook{明清貞節的典型,
  language = {chinese},
  title = {明清「貞節」的典型——從顧炎武的母親說起},
  author = {林維紅},
  booktitle = {中國婦女史初探——問題的起源與近代特色},
  publisher = {知音出版社},
  location = {臺北},
  year = {1991},
}

@thesis{由典範到規範,
  title = {由典範到規範：從明代貞節烈女的辨識與流傳看貞節觀念的嚴格化},
  author = {費絲言},
  institution = {國立臺灣大學歷史學硏究所},
  location = {臺北},
  type = {碩士論文},
  year = {1997},
  language = {chinese},
}

@article{WidowsinKinship,
  title = {Widows in the Kinship, Class, and Community Structures of Qing Dynasty China},
  author = {Mann, Susan},
  journal = {Journal of Asian Studies},
  volume = {46},
  number = {1},
  year = {1987},
  location = {Ann Arbor}
}

@ancient{十七史商榷,
  language = {chinese},
  title = {十七史商榷},
  author = {王鳴盛},
  publisher = {樂天出版社},
  location = {臺北},
  version = {影廣雅書局本},
  year = {1972},
  entrysubtype = {淸}
}

@article{明代家庭的權力結構及其成員間的關係,
  title = {明代家庭的權力結構及其成員間的關係},
  author = {徐泓},
  journal = {輔仁歷史學報},
  number = {5},
  year = {1993},
  pages = {167--202},
  language = {繁體中文},
  ISSN = {1023-2850},
  location = {臺北},
  publisher = {輔仁大學歷史學系},
}

@incollection{內則衍義,
  title = {內則衍義},
  booktitle = {四庫全書珍本},
  author = {傅以漸},
  booksubtitle = {七集},
  publisher = {商務印書館},
  location = {臺北},
  year = {1977},
  entrysubtype = {明}
}